%A-------------------A-------------------A-------------------A-------------------A-------------------A-------------------A-------------------A-------------------A-------------------A-------------------A-------------------A-------------------A



@ARTICLE{aller50,
title={{Turbulence in the Interstellar Medium}},
author={{Aller}, L.H.},
journal={\aj},
volume={113},
pages={120},
adsurl={http://articles.adsabs.harvard.edu/pdf/1951ApJ...113..120A},
year={1951}
}

@article{arsenault1988correlations,
  title={{Correlations between integrated parameters and H-alpha velocity widths in giant extragalactic H II regions-A new appraisal}},
  author={{Arsenault}, R. and {Roy}, J.R.},
  journal={A\&A},
  volume={201},
  pages={199--207},
  adsurl={http://adsabs.harvard.edu/full/1988A},
  year={1988}
}

@article{arthur2016turbulence,
  title={{Turbulence in the ionized gas of the Orion nebula}},
  author={{Arthur}, S.J. and {Medina}, {S.-N.X.} and {Henney}, W.J.},
  journal={MNRAS},
  volume={463},
  number={3},
  pages={2864--2884},
  year={2016},
  publisher={The Royal Astronomical Society},
  adsurl={https://academic.oup.com/mnras/article/463/3/2864/2646581}
}

@article{ambrocio2006composite,
  title={{The composite form of the supernova remnant 3C 400.2: two interacting supernova remnants or a single supernova remnant with a blow-out?}},
  author={{Ambrocio-Cruz}, P. and {Rosado}, M. and others},
  journal={ReMexAA},
  volume={42},
  number={2},
  pages={241--249},
  year={2006},
  publisher={Instituto de Astronom{\'\i}a}
}

@article{ambrocio2008,
  title={{Kinematic field of the S-shaped nebua N119 in the LMC}},
  author={{Ambrocio-Cruz}, P. and {Rosado}, M. and {Laval}, A. and {Le Coarer}, E. and {Russeil,} D. and {Amram}, P.},
  journal={RMAA},
  volume={44},
  number={2},
  pages={355--364},
  year={2008},
  publisher={Instituto de Astronomía}
}
https://www.overleaf.com/project/5e57cca781c70d0001c1272c
%B-----------------B-----------------B-----------------B-----------------B-----------------B-----------------B-----------------B-----------------B-----------------B-----------------B-----------------B-----------------B-----------------B

@article{benvenuti1979supernova,
  title={{Supernova remnants and content in high mass stars of the giant H ii region NGC 604}},
  author={{Benvenuti}, P. and {D'Odorico}, S- and {Dumontel}, M.},
  journal={Astrophysics and Space Science},
  volume={66},
  number={1},
  pages={39--46},
  year={1979},
  publisher={Springer}
}

@article{bordalo2009,
  title={{The Internal Kinematics of the H II Galaxy II Zw 40}},
  author={{Bordalo}, V. and {Plana}, I. and {Telles}, E.},
  journal={AJ},
  volume={696},
  number={2},
  pages={1668},
  year={2009},
  publisher={IOP Publishing},
  adsurl={https://iopscience.iop.org/article/10.1088/0004-637X/696/2/1668/pdf}
}

@article{bosch2002,
  title={{Narrow-band CCD photometry of giant HII regions}},
  author={Bosch, Guillermo and Terlevich, Elena and Terlevich, Roberto},
  journal={MNRAS},
  volume={329},
  number={3},
  pages={481--496},
  year={2002},
  publisher={Oxford University Press},
  adsurl={https://academic.oup.com/mnras/article/329/3/481/1031037}
}

@Book{burg,
author = {{Burgers}, J.M.},
title = {{The Nonlinear Diffusion Equation}},
publisher = {Springer},
year = {1974}
}

@ARTICLE{bruntmaclow2004,
       author = {{Brunt}, Christopher M. and {Mac Low}, Mordecai-Mark},
        title = "{Modification of Projected Velocity Power Spectra by Density Inhomogeneities in Compressible Supersonic Turbulence}",
      journal = {\apj},
     keywords = {ISM: Clouds, ISM: Kinematics and Dynamics, ISM: Molecules, Methods: Statistical, Radio Lines: ISM, Turbulence, Astrophysics},
         year = 2004,
        month = mar,
       volume = {604},
       number = {1},
        pages = {196-212},
          doi = {10.1086/381648},
archivePrefix = {arXiv},
       eprint = {astro-ph/0311461},
 primaryClass = {astro-ph},
       adsurl = {https://ui.adsabs.harvard.edu/abs/2004ApJ...604..196B},
      adsnote = {Provided by the SAO/NASA Astrophysics Data System}
    }
      
%C-----------------C-----------------C-----------------C-----------------C-----------------C-----------------C-----------------C-----------------C-----------------C-----------------C-----------------C-----------------C-----------------C

@phdthesis{castaneda1987,
  title={{The velocity structure and turbulence at the center of the Orion Nebula}},
  author={{Castañeda}, H. O.},
  year={1987},
  school={Rice University}
}

@ARTICLE{castaneda1988,
       author = {{Castaneda}, Hector O.},
        title = "{The Velocity Structure and Turbulence at the Center of the Orion Nebula}",
      journal = {\apjs},
     keywords = {Kolmogoroff Theory, Orion Nebula, Statistical Correlation, Turbulence, Velocity, Angular Resolution, Line Spectra, Spectral Resolution, Astrophysics, LINE PROFILES, NEBULAE: H II REGIONS, NEBULAE: INTERNAL MOTIONS, NEBULAE: ORION NEBULA, TURBULENCE},
         year = 1988,
        month = may,
       volume = {67},
        pages = {93},
          doi = {10.1086/191268},
       adsurl = {https://ui.adsabs.harvard.edu/abs/1988ApJS...67...93C},
      adsnote = {Provided by the SAO/NASA Astrophysics Data System}
 }
      
@article{castaneda1992density,
  title={{Density studies on giant extragalactic H II regions}},
  author={{Castañeda}, H.O. and {Vilchez}, J.M. and {Copetti}, M.V.F.},
  journal={A\&A},
  volume={260},
  pages={370--380},
  year={1992},
  adsurl={http://adsabs.harvard.edu/full/1992A\%26A...260..370C}
}

@ARTICLE{1994Ap&SS.216..285C,
       author = {{Casta{\~{n}}eda}, H. O.},
        title = "{Supersonic Turbulence in Giant Extragalactic HII Regions}",
      journal = {\apss},
     keywords = {Gas Dynamics, Gas Ionization, H Ii Regions, Interstellar Gas, Kinematics, Plasma Jets, Plasma Turbulence, Stellar Winds, Supersonic Jet Flow, Astronomical Spectroscopy, Fabry-Perot Spectrometers, H Alpha Line, Light (Visible Radiation), Star Formation, Visible Spectrum, Wolf-Rayet Stars, Astrophysics, HII regions: general, turbulence},
         year = 1994,
        month = jun,
       volume = {216},
       number = {1-2},
        pages = {285-289},
          doi = {10.1007/BF00982506},
       adsurl = {https://ui.adsabs.harvard.edu/abs/1994Ap&SS.216..285C},
      adsnote = {Provided by the SAO/NASA Astrophysics Data System}
}

@ARTICLE{1975ApJ...200L.107C,
   author = {{Castor}, J. and {McCray}, R. and {Weaver}, R.},
    title = {{Interstellar bubbles}},
  journal = {AJ},
 keywords = {Bubbles, Early Stars, Interstellar Gas, Stellar Winds, Density Distribution, Gas Dynamics, Hydrogen Clouds, Interstellar Matter, Space Density, Stellar Envelopes, Stellar Evolution},
     year = 1975,
    month = sep,
   volume = 200,
    pages = {L107-L110},
      doi = {10.1086/181908},
   adsurl = {http://adsabs.harvard.edu/abs/1975ApJ...200L.107C},
  adsnote = {Provided by the SAO/NASA Astrophysics Data System}
}

@article{chandra49,
  title={{Turbulence- A physical Theory of Astrophysical interest}},
  author={Chandrasekhar, S.},
  journal={ApJ},
  volume={110},
  pages={329},
  year={1949},
  adsurl={http://articles.adsabs.harvard.edu/cgi-bin/nph-iarticle_query?1949ApJ...110..329C&defaultprint=YES&filetype=.pdf}
}

@article{chepurnov2010extending,
  title={{Extending the big power law in the sky with turbulence spectra from Wisconsin H$\alpha$ mapper data}},
  author={Chepurnov, A and Lazarian, Alex},
  journal={The Astrophysical Journal},
  volume={710},
  number={1},
  pages={853},
  year={2010},
  publisher={IOP Publishing}
}

@ARTICLE{1994ApJ...425..720C,
       author = {{Chu}, You-Hua and {Kennicutt}, Robert C., Jr.},
        title = "{Kinematic Structure of the 30 Doradus Giant H II Region}",
      journal = {\apj},
     keywords = {H Ii Regions, Interstellar Matter, Kinematics, Mapping, Supergiant Stars, Bubbles, Charge Coupled Devices, Emission Spectra, Shell Stars, Spectrographs, Velocity Distribution, Astrophysics, ISM: H II REGIONS, ISM: INDIVIDUAL NAME: 30 DORADUS, ISM: KINEMATICS AND DYNAMICS},
         year = 1994,
        month = apr,
       volume = {425},
        pages = {720},
          doi = {10.1086/174017},
       adsurl = {https://ui.adsabs.harvard.edu/abs/1994ApJ...425..720C},
      adsnote = {Provided by the SAO/NASA Astrophysics Data System}
}


@article{clayton1988,
  title={{}},
  author={{Clayton}, C.A.},
  journal={MNRAS},
  volume={231},
  number={2},
  pages={191--204},
  year={1988},
  publisher={Oxford University Press}
}

@ARTICLE{1985A&A...152..427C,
       author = {{Copetti}, M.~V.~F. and {Pastoriza}, M.~G. and {Dottori}, H.~A.},
        title = "{Age determination of extragalactic HII regions.}",
      journal = {\aap},
     keywords = {H Ii Regions, Interstellar Matter, Magellanic Clouds, Spiral Galaxies, Chronology, Collapse, Mass Distribution, Stellar Evolution, Astrophysics},
         year = 1985,
        month = nov,
       volume = {152},
        pages = {427-433},
       adsurl = {https://ui.adsabs.harvard.edu/abs/1985A&A...152..427C},
      adsnote = {Provided by the SAO/NASA Astrophysics Data System}
}

@article{corbelli2003,
  title={{Dark matter and visible baryons in M33}},
  author={{Corbelli}, E.},
  journal={Monthly Notices of the Royal Astronomical Society},
  volume={342},
  number={1},
  pages={199--207},
  year={2003},
  publisher={Oxford University Press}
}

@article{conti1981,
  title={{Wolf-Rayet stars and giant H II regions in M33-Casual associations or meaningful relationships}},
  author={{Conti}, P.S. and {Massey}, P.},
  journal={AJ},
  volume={249},
  pages={471--480},
  year={1981},
  adsurl={http://articles.adsabs.harvard.edu/cgi-bin/nph-iarticle_query?1981ApJ...249..471C&defaultprint=YES&filetype=.pdf}
}

@article{courtes1989,
  title={{Turbulent and ordered motions in HII regions}},
  author={Court\'es, G.},
  booktitle={Structure and Dynamics of the Interstellar medium},
  pages={80--95},
  year={1989},
  publisher={Springer}
}

%D-----------------D-----------------D-----------------D-----------------D-----------------D-----------------D-----------------D-----------------D-----------------D-----------------D-----------------D-----------------D-----------------D

@article{deul1987,
  title={{A survey of the neutral atomic hydrogen in M33}},
  author={{Deul}, E.R. and {Van Der Hulst}, J.M.},
  journal={Astronomy and Astrophysics Supplement Series},
  volume={67},
  pages={509--539},
  year={1987}
}

@Book{drnism,
author = {{Draine}, B.T.},
title = {{Physics of the Interestellar and Galactic Medium}},
publisher = {Princeton University Press},
year = {2011},
}

@article{dodorico1981,
  title={{Wolf-Rayet stars in the giant HII region NGC 604}},
  author={{D'Odorico}, S. and {Rosa}, M.},
  journal={AJ},
  volume={248},
  pages={1015--1020},
  year={1981},
  adsurl={http://articles.adsabs.harvard.edu/cgi-bin/nph-iarticle_query?1981ApJ...248.1015D&defaultprint=YES&filetype=.pdf}
}

@article{drissen1993,
  title={{A Hubble Space Telescope planetary camera view of giant HII regions - The Wolf-Rayet content of NGC 595 y NGC 604 in M33}},
  author={{Drissen}, L. and {Moffat}, A. and {Shara}, M.},
  journal={AJ},
  volume={105},
  pages={1400--1410},
  year={1993},
  adsurl={http://articles.adsabs.harvard.edu/cgi-bin/nph-iarticle_query?1993AJ....105.1400D&defaultprint=YES&filetype=.pdf}
}

@article{dyson1979,
title={{The velocity Dispersion in Giant Extragalactic HII Regions }},
  author={{Dyson},J.},
  journal={A\&A},
  volume={73},
  pages={132--136},
  year={1979},
  adsurl={http://articles.adsabs.harvard.edu/cgi-bin/nph-iarticle_query?1979A\%26A....73..132D&defaultprint=YES&filetype=.pdf}
}

%E-----------------E-----------------E-----------------E-----------------E-----------------E-----------------E-----------------E-----------------E-----------------E-----------------E-----------------E-----------------E-----------------E-----------------E

@article{eldridge2011,
  title={{The red supergiants and Wolf.Rayet stars of NGC 604}},
  author={{Eldridge}, J.J. and {Rela{\~{n}}o},  M\'onica},
  journal={MNRAS},
  volume={411},
  number={1},
  pages={235--246},
  year={2011},
  publisher={Oxford University Press},
  adsurl={https://academic.oup.com/mnras/article/411/1/235/1039458}
}

@article{elmegreen2004interstellar,
  title={Interstellar turbulence I: observations and processes},
  author={Elmegreen, Bruce G and Scalo, John},
  journal={Annu. Rev. Astron. Astrophys.},
  volume={42},
  pages={211--273},
  year={2004},
  publisher={Annual Reviews},
  adsurl={https://www.annualreviews.org/doi/abs/10.1146/annurev.astro.41.011802.094859}
}

@article{scalo2004interstellar,
  title={Interstellar turbulence II: implications and effects},
  author={Scalo, John and Elmegreen, Bruce G},
  journal={Annu. Rev. Astron. Astrophys.},
  volume={42},
  pages={275--316},
  year={2004},
  publisher={Annual Reviews}
}

@article{esquivel2005,
  title={{}},
  author={{Esquivel}, A. and {Lazarian}, A.},
  journal={AJ},
  volume={631},
  number={1},
  pages={320},
  year={2005},
  publisher={IOP Publishing}
}

@article{esteban2009keck,
  title={{Keck hires spectroscopy of extragalactic H II regions: C and O abundances from recombination lines}},
  author={Esteban, C{\'e}sar and Bresolin, Fabio and Peimbert, Manuel and Garc{\'\i}a-Rojas, Jorge and Peimbert, Antonio and Mesa-Delgado, Adal},
  journal={The Astrophysical Journal},
  volume={700},
  number={1},
  pages={654},
  year={2009},
  publisher={IOP Publishing},
  adsurl={https://iopscience.iop.org/article/10.1088/0004-637X/700/1/654/meta}
}

 %F-----------------F-----------------F-----------------F-----------------F-----------------F-----------------F-----------------F-----------------F-----------------F-----------------F-----------------F-----------------F-----------------F-----------------F

@article{farina2012unveiling,
  title={{Unveiling the New Generation of Stars in NGC 604 with Gemini-NIRI}},
  author={{Fariña}, C. and {Bosch}, G. L. and {Barb{\'a}}, R.H.},
  journal={AJ},
  volume={143},
  number={2},
  pages={43},
  year={2012},
  publisher={IOP Publishing},
  adsurl={https://iopscience.iop.org/article/10.1088/0004-6256/143/2/43/meta}
}

@book{franco1999interstellar,
 title={Interstellar Turbulence},
 author={Franco, Jos{\'e} and Carrami{\~n}ana, Alberto},
 year={1999},
 publisher={Cambridge University Press},
 adsurl = {https://ui.adsabs.harvard.edu/abs/1999intu.conf.....F},
 adsnote = {Provided by the SAO/NASA Astrophysics Data System}
}

@article{freedman2001final,
  title={{Final results from the Hubble Space Telescope key project to measure the Hubble constant}},
  author={{Freedman}, W.L. and {Madore}, B. F. and {Gibson}, B. K. and {Ferrarese}, L. and {Kelson}, D. D. and {Sakai}, S. and {Mould}, J. R. and {Kennicutt Jr}, R. C. and {Ford}, H. C. and {Graham}, J. A. and others},
  journal={ApJ},
  volume={553},
  number={1},
  pages={47},
  year={2001},
  publisher={IOP Publishing}
}

@ARTICLE{1961MNRAS.122....1F,
       author = {{Feast}, M.~W.},
        title = "{A study of the 30 Doradus region of the Large Magellanic Cloud}",
      journal = {Monthly Notices of the Royal Astronomical Society},
         year = 1961,
        month = jan,
       volume = {122},
        pages = {1},
          doi = {10.1093/mnras/122.1.1},
       adsurl = {https://ui.adsabs.harvard.edu/abs/1961MNRAS.122....1F},
      adsnote = {Provided by the SAO/NASA Astrophysics Data System}
}

@Article{Freyer2003,
  author={{Freyer},T. and {Hensler},G. and {Yorke},H.W.},
  title={{Massive Stars and the Energy Balance of the Interstellar Medium. I. The Impact of an Isolated 60 M $\odot$ Star}},
  journal={ApJ},
  volume={594},
  number={2},
  pages={888},
  url={http://stacks.iop.org/0004-637X/594/i=2/a=888},
  year={2003},
  }

@article{fleck1981generation,
  title={On the generation and maintenance of turbulence in the interstellar medium},
  author={{Fleck Jr}, R.C.},
  journal={The Astrophysical Journal},
  volume={246},
  pages={L151--L154},
  year={1981}
}



@Book{Frisch,
author = {{Frisch}, U.},
title = {{Turbulence. The Legacy of A.N. Kolmogorov}},
publisher = {Cambridge University Press},
year = {1995},
}
  
%G-----------------G-----------------G-----------------G-----------------G-----------------G-----------------G-----------------G-----------------G-----------------G-----------------G-----------------G-----------------G-----------------G




%H-----------------H-----------------H-----------------H-----------------H-----------------H-----------------H-----------------H-----------------H-----------------H-----------------H-----------------H-----------------H-----------------H

@ARTICLE{2021ApJ...907L..40H,
       author = {{Ha}, Trung and {Li}, Yuan and {Xu}, Siyao and {Kounkel}, Marina and {Li}, Hui},
        title = "{Measuring Turbulence with Young Stars in the Orion Complex}",
      journal = {\apjl},
     keywords = {Molecular clouds, Stellar dynamics, Young star clusters, Interstellar medium, Stellar feedback, Supernova remnants, Stellar motion, 1072, 1596, 1833, 847, 1602, 1667, 1615, Astrophysics - Astrophysics of Galaxies},
         year = 2021,
        month = feb,
       volume = {907},
       number = {2},
          eid = {L40},
        pages = {L40},
          doi = {10.3847/2041-8213/abd8c9},
archivePrefix = {arXiv},
       eprint = {2101.03176},
 primaryClass = {astro-ph.GA},
       adsurl = {https://ui.adsabs.harvard.edu/abs/2021ApJ...907L..40H},
      adsnote = {Provided by the SAO/NASA Astrophysics Data System}
}


@Inbook{Henney2007,
author={{Henney}, W.J.},
chapter={{How to Move Ionized Gas: An Introduction to the Dynamics of HII Regions}},
title={Diffuse Matter from Star Forming Regions to Active Galaxies: A Volume Honouring John Dyson},
year={2007},
publisher={Springer Netherlands},
address={Dordrecht},
pages={103--127},
isbn={978-1-4020-5425-9},
doi={10.1007/978-1-4020-5425-9_6},
url={http://dx.doi.org/10.1007/978-1-4020-5425-9_6}
}

@article{heisenberg1951stability,
  title={On stability and turbulence of fluid flows},
  author={Heisenberg, Werner},
  journal={NACA-TM-1291},
  year={1951},
  pages={61},
  adsurl={https://ntrs.nasa.gov/search.jsp?R=19930093939}
}


@article{hippelein1984,
  title={{Turbulent gas motions in giant H II regions. I-The case of NGC 604}},
  author={{Hippelein}, H. and {Fried}, J.W.},
  journal={A\&A},
  volume={141},
  pages={49--55},
  year={1984},
  adsurl={http://adsabs.harvard.edu/full/1984A\%26A...141...49H}
}

@article{hunter1985,
  title={{Structural similarities among nearby giant H II regions}},
  author={{Hunter}, D.A. and {Gallagher}, J.S.},
  journal={AJ},
  volume={90},
  pages={80--87},
  year={1985}
}

@article{hunter1996intermediate,
  title={{The intermediate stellar mass population in NGC 604 determined from Hubble Space Telescope images}},
  author={{Hunter}, D.A. and {Baum}, W.A. and {O'Neil Jr}, E.J. and {Lynds}, R.},
  journal={ApJ},
  volume={456},
  pages={174},
  year={1996},
  adsurl={http://articles.adsabs.harvard.edu/full/gif/1996ApJ...456..174H/0000174.000.html}
}

%I-----------------I-----------------I-----------------I-----------------I-----------------I-----------------I-----------------I-----------------I-----------------I-----------------I-----------------I-----------------I-----------------I-----------------I

@article{israel1990molecular,
  title={{The molecular hydrogen content of NGC 604 and other M33 H II region complexes}},
  author={Israel, FP and Hawarden, TG and Geballe, TR and Wade, R},
  journal={MNRAS},
  volume={242},
  number={3},
  pages={471--477},
  year={1990},
  publisher={Oxford University Press},
  adsurl={https://academic.oup.com/mnras/article/242/3/471/2894321}
}

%J-----------------J-----------------J-----------------J-----------------J-----------------J-----------------J-----------------J-----------------J-----------------J-----------------J-----------------J-----------------J-----------------J-----------------J


@book{joncas1999turbulence,
  title={{Turbulence in HII regions: New results}},
  author={{Joncas}, G.},
  journal={Interstellar turbulence},
  volume={154},
  year={1999},
  publisher={Cambridge University Press}
}

%K-----------------K-----------------K-----------------K-----------------K-----------------K-----------------K-----------------K-----------------K-----------------K-----------------K-----------------K-----------------K-----------------K

@inproceedings{karman1937statistical,
  title={{On the statistical theory of isotropic turbulence}},
  author={Von Karman, Theodore and Howarth, Leslie},
  booktitle={Proceedings of the Royal Society of London A: Mathematical, Physical and Engineering Sciences},
  volume={164},
  number={917},
  pages={192--215},
  year={1937},
  organization={The Royal Society}
}

@ARTICLE{2015KamKinematics,
       author = {{Kam}, Z.~S. and {Carignan}, C. and {Chemin}, L. and {Amram}, P. and
         {Epinat}, B.},
        title = "{Kinematics and mass modelling of M33: H{\ensuremath{\alpha}} observations}",
      journal = {\mnras},
     keywords = {techniques: interferometric, ISM: bubbles, H II regions, galaxies: individual: M33, galaxies: ISM, galaxies: kinematics and dynamics, dark matter, Astrophysics - Astrophysics of Galaxies},
         year = "2015",
        month = "Jun",
       volume = {449},
       number = {4},
        pages = {4048-4070},
          doi = {10.1093/mnras/stv517},
archivePrefix = {arXiv},
       eprint = {1503.02538},
 primaryClass = {astro-ph.GA},
       adsurl = {https://ui.adsabs.harvard.edu/abs/2015MNRAS.449.4048K},
      adsnote = {Provided by the SAO/NASA Astrophysics Data System}
}

@article{kam2017h,
  title={H i Kinematics and Mass Distribution of Messier 33},
  author={Kam, S Zacharie and Carignan, Claude and Chemin, Laurent and Foster, Tyler and Elson, Ed and Jarrett, Tom H},
  journal={The Astronomical Journal},
  volume={154},
  number={2},
  pages={41},
  year={2017},
  publisher={IOP Publishing},
  adsurl={https://iopscience.iop.org/article/10.3847/1538-3881/aa79f3/meta}
}


@article{kaplan64,
title={{Methods for analyzing interstellar turbulence}},
author={{Kaplan}, S.A. and {Klimishin}, I.A.},
journal={Soviet Astronomy},
pages={210},
volume={8},
year={1964},
adsurl={http://adsabs.harvard.edu/full/1964SvA.....8..210K}
}


@Article{karman49,
author = {{Kárman}, T.},
title = {{Introductory remarks on turbulence. Problems of Cosmic
Aerodynamics}},
journal = {IAU Symp.},
year = {1949},
pages = {159}
}

@article{kennicutt1984,
  title={{Structural properties of giant HII regions in nearby galaxies}},
  author={{Kennicutt Jr}, R.C.},
  journal={The Astrophysical Journal},
  volume={287},
  pages={116--130},
  year={1984}
}


@Article{kolm1,
author = {{Kolmogorov}, A.N.},
title = {{Local  turbulent  structure  in  incompressible fluids  at  very  high  Reynolds}},
journal = {Dokl. Akad. Nauk SSSR},
year = {1941},
OPTnumber = {30},
OPTpages = {299-303}
}

@Article{kolm2,
author = {{Kolmogorov}, A.N.},
title = {{On  the  logarithmical  normal  particle  size  distribution  caused  by particle crushing}},
journal = {Dokl. Akad. Nauk SSSR},
year = {1941},
OPTnumber = {31},
OPTpages = {99-102}
}

%L-----------------L-----------------L-----------------L-----------------L-----------------L-----------------L-----------------L-----------------L-----------------L-----------------L-----------------L-----------------L-----------------L

@article{lagrois2009multi,
  title={{A Multi-ionic Kinematic Investigation of NGC 595, a Giant Extragalactic H II Region in M33}},
  author={Lagrois, Dominic and Joncas, Gilles},
  journal={\apj},
  volume={700},
  number={2},
  pages={1847},
  year={2009},
  publisher={IOP Publishing}
}

@article{lagrois2011,
title={{Extraction of homogeneous turbulent motions in the ionized interstellar medium: application to the NGC 595 nebula}},
author={{Lagrois}, D. and {Joncas}, G.},
journal={\mnras},
volume={413},
number={2},
pages={721--740},
year={2011},
publisher={Oxford University Press},
adsurl={https://academic.oup.com/mnras/article/413/2/721/1062900}
}

@ARTICLE{1981MNRAS.194..809L,
       author = {{Larson}, R.~B.},
        title = "{Turbulence and star formation in molecular clouds.}",
      journal = {\mnras},
     keywords = {Interstellar Matter, Molecular Clouds, Protostars, Star Formation, Turbulence Effects, Clumps, Density Distribution, Stellar Gravitation, Stellar Mass, Velocity Distribution, Virial Theorem, Astrophysics},
         year = 1981,
        month = mar,
       volume = {194},
        pages = {809-826},
          doi = {10.1093/mnras/194.4.809},
       adsurl = {https://ui.adsabs.harvard.edu/abs/1981MNRAS.194..809L},
      adsnote = {Provided by the SAO/NASA Astrophysics Data System}
}


@book{lamers1999,
  title={{Introduction to stellar winds}},
  author={{Lamers}, H.J. and {Cassinelli}, J.P.},
  year={1999},
  publisher={Cambridge university press}
}

@ARTICLE{2000ApJ...537..720L,
       author = {{Lazarian}, A. and {Pogosyan}, D.},
        title = "{Velocity Modification of H I Power Spectrum}",
      journal = {\apj},
     keywords = {Galaxy: Structure, ISM: Kinematics and Dynamics, Radio Lines: ISM, Astrophysics},
         year = 2000,
        month = jul,
       volume = {537},
       number = {2},
        pages = {720-748},
          doi = {10.1086/309040},
archivePrefix = {arXiv},
       eprint = {astro-ph/9901241},
 primaryClass = {astro-ph},
       adsurl = {https://ui.adsabs.harvard.edu/abs/2000ApJ...537..720L},
      adsnote = {Provided by the SAO/NASA Astrophysics Data System}
}


@ARTICLE{1992ApJ...401..596L,
       author = {{Leitherer}, Claus and {Robert}, Carmelle and {Drissen}, Laurent},
        title = "{Deposition of Mass, Momentum, and Energy by Massive Stars into the Interstellar Medium}",
      journal = {\apj},
     keywords = {Interstellar Matter, Massive Stars, Stellar Mass Ejection, Stellar Models, Stellar Winds, Hertzsprung-Russell Diagram, Hot Stars, Metallicity, Radiative Transfer, Starburst Galaxies, Stellar Evolution, Supernovae, Astrophysics, NUCLEAR REACTIONS, NUCLEOSYNTHESIS, ABUNDANCES, STARS: MASS LOSS, STARS: SUPERNOVAE: GENERAL},
         year = 1992,
        month = dec,
       volume = {401},
        pages = {596},
          doi = {10.1086/172089},
       adsurl = {https://ui.adsabs.harvard.edu/abs/1992ApJ...401..596L},
      adsnote = {Provided by the SAO/NASA Astrophysics Data System}
}

@INPROCEEDINGS{1992ASPC...25..445L,
       author = {{Lewis}, James R. and {Unger}, S.~W.},
        title = "{`TAUCAL' --- A software package for calibration of Fabry-Perot spectroscopic data}",
    booktitle = {Astronomical Data Analysis Software and Systems I},
         year = 1992,
       editor = {{Worrall}, Diana M. and {Biemesderfer}, Chris and {Barnes}, Jeannette},
       series = {\pasp},
       volume = {25},
        month = jan,
        pages = {445},
       adsurl = {https://ui.adsabs.harvard.edu/abs/1992ASPC...25..445L},
      adsnote = {Provided by the SAO/NASA Astrophysics Data System}
}
%M-----------------M-----------------M-----------------M-----------------M-----------------M-----------------M-----------------M-----------------M-----------------M-----------------M-----------------M-----------------M-----------------M

@ARTICLE{1998A&A...329..409M,
       author = {{Maiz-Apellaniz}, J. and {Mas-Hesse}, J.~M. and {Munoz-Tunon}, C. and {Vilchez}, J.~M. and {Castaneda}, H.~O.},
        title = "{Bidimensional spectroscopy of NGC 4214: evolutionary state and interstellar extinction}",
      journal = {\aap},
     keywords = {GALAXIES: INDIVIDUAL NGC 4214, GALAXIES: ISM, GALAXIES: IRREGULAR, GALAXIES: STARBURST},
         year = 1998,
        month = jan,
       volume = {329},
        pages = {409-430},
       adsurl = {https://ui.adsabs.harvard.edu/abs/1998A&A...329..409M},
      adsnote = {Provided by the SAO/NASA Astrophysics Data System}
}


@ARTICLE{2000PASP..112.1138M,
       author = {{Ma{\'\i}z-Apell{\'a}niz}, Jes{\'u}s},
        title = "{Bidimensional Spectroscopy of Nearby Starbursts}",
      journal = {\pasp},
     keywords = {ISM: Dust, Extinction, galaxies: individual (NGC 4214), Galaxies: Starburst, ISM: individual (NGC 604), ISM: Kinematics and Dynamics, Techniques: Spectroscopic},
         year = 2000,
        month = aug,
       volume = {112},
       number = {774},
        pages = {1138-1139},
          doi = {10.1086/316607},
       adsurl = {https://ui.adsabs.harvard.edu/abs/2000PASP..112.1138M},
      adsnote = {Provided by the SAO/NASA Astrophysics Data System}
}

@ARTICLE{maiz2004,
       author = {{Ma{\'\i}z-Apell{\'a}niz}, J. and {P{\'e}rez}, E. and {Mas-Hesse}, J.~M.},
        title = "{NGC 604, the Scaled OB Association (SOBA) Prototype. I. Spatial Distribution of the Different Gas Phases and Attenuation by Dust}",
      journal = {\aj},
     keywords = {ISM: Dust, Extinction, ISM: H II Regions, ISM: General, ISM: Individual: NGC Number: NGC 604, ISM: Structure, Astrophysics},
         year = 2004,
        month = sep,
       volume = {128},
       number = {3},
        pages = {1196-1218},
          doi = {10.1086/422925},
archivePrefix = {arXiv},
       eprint = {astro-ph/0406130},
 primaryClass = {astro-ph},
       adsurl = {https://ui.adsabs.harvard.edu/abs/2004AJ....128.1196M},
      adsnote = {Provided by the SAO/NASA Astrophysics Data System}
}

@article{malumuth1996,
  title={{The Stellar Initial Mass Function in the Giant HII Region NGC 595}},
  author={{Malumuth}, E.M. and {Waller}, W.H. and {Parker}, J.W.},
  journal={The Astronomical Journal},
  volume={111},
  pages={1128},
  year={1996}
}

@article{martinez2012ongoing,
  title={{Ongoing Massive Star Formation in NGC 604}},
  author={Mart{\'\i}nez-Galarza, Juan R and Hunter, Deidre and Groves, Brent and Brandl, Bernhard},
  journal={The Astrophysical Journal},
  volume={761},
  number={1},
  pages={3},
  year={2012},
  publisher={IOP Publishing}
}

@article{tanco1997,
  title={{Structure, velocity fielda, and turbulence in NGC 604}},
  author={{Medina-Tanco},G.A and {Sabalisck}, N. and {Jatenco-Pereira}, V. and {Opher}, R.},
  journal={AJ},
  volume={487},
  number={1},
  pages={163},
  year={1997},
  publisher={IOP Publishing},
  adsurl={https://iopscience.iop.org/article/10.1086/304573/meta}
}

@ARTICLE{mathis1983,
       author = {{Mathis}, J.~S.},
        title = "{Nebular dust and extinction in ionized nebulae. I - The Balmer decrement}",
      journal = {\apj},
     keywords = {Balmer Series, Interstellar Extinction, Interstellar Matter, Ionized Gases, Nebulae, Albedo, Cosmic Dust, Extragalactic Radio Sources, Galactic Nuclei, H Ii Regions, H Lines, Planetary Nebulae, Quasars, Radiant Flux Density, Scattering, Astrophysics},
         year = 1983,
        month = apr,
       volume = {267},
        pages = {119-125},
          doi = {10.1086/160849},
       adsurl = {https://ui.adsabs.harvard.edu/abs/1983ApJ...267..119M},
      adsnote = {Provided by the SAO/NASA Astrophysics Data System}
}

@article{medina2014,
  title={{Turbulence in simulated HII regions}},
  author={Medina, S-NX and Arthur, SJ and Henney, WJ and Mellema, Garrelt and Gazol, A},
  journal={MNRAS},
  volume={445},
  number={2},
  pages={1797--1819},
  year={2014},
  publisher={Oxford University Press},
  adsurl={https://academic.oup.com/mnras/article/445/2/1797/1411344}
}

@article{melnick1977,
  title={{Velocity dispersions in giant H II regions-Relation with their linear diameters}},
  author={{Melnick}, J.},
  journal={ApJ},
  volume={213},
  pages={15--17},
  year={1977},
  adsurl={http://adsabs.harvard.edu/full/1977ApJ...213...15M}
}

@ARTICLE{2019arXiv191203543M,
       author = {{Melnick}, Jorge and {Terlevich}, Roberto and
         {Tenorio-Tagle}, Guillermo and {Telles}, Eduardo and {Terlevich}, Elena},
        title = "{On the nature of supersonic turbulence in Giant HII Regions}",
      journal = {arXiv e-prints},
     keywords = {Astrophysics - Astrophysics of Galaxies},
         year = "2019",
        month = "Dec",
          eid = {arXiv:1912.03543},
        pages = {arXiv:1912.03543},
archivePrefix = {arXiv},
       eprint = {1912.03543},
 primaryClass = {astro-ph.GA},
       adsurl = {https://ui.adsabs.harvard.edu/abs/2019arXiv191203543M},
      adsnote = {Provided by the SAO/NASA Astrophysics Data System}
}

@article{minter1999turbulent,
  title={Turbulent Heating of the Diffuse Ionized Gas},
  author={Minter, Anthony H and Balser, Dana S},
  journal={Interstellar turbulence},
  pages={65},
  year={1999},
  publisher={Cambridge University Press}
}

@ARTICLE{Mivi1995,
   author = {{Miville-Deschenes}, M.A. and {Joncas}, G. and {Durand}, D.},
    title = {{The H II Region Sharpless 170: a Multiscale Analysis of the H alpha Velocity Field}},
  journal = {ApJ},
 keywords = {TURBULENCE},
     year = 1995,
   volume = 454,
    pages = {316},
      doi = {10.1086/176484},
   adsurl = {http://adsabs.harvard.edu/abs/1995ApJ...454..316M},
  adsnote = {Provided by the SAO/NASA Astrophysics Data System}
}

@article{moiseev2012,
  title={{Ionized gas velocity dispersion in nearby dwarf galaxies: looking at supersonic turbulent motions}},
  author={Moiseev, Alexei V and Lozinskaya, Tatiana A},
  journal={MNRAS},
  volume={423},
  number={2},
  pages={1831--1844},
  year={2012},
  publisher={Oxford University Press},
  adsurl ={https://academic.oup.com/mnras/article/423/2/1831/972533}
}

@article{munoz1996,
  title={{Supersonic line broadening and the gas dynamical evolution of giant H II regions}},
  author={{Mu{\~{n}}oz-Tu{\~{n}}on} and C. {Tenorio-Tagle}, G. and {Casta{\~{n}}eda}, H.O. and {Terlevich}, R.},
  journal={AJ},
  volume={112},
  pages={1636},
  year={1996},
  adsurl ={http://adsabs.harvard.edu/full/1996AJ....112.1636M}
}

@article{munch1958internal,
  title={Internal motions in the Orion nebula},
  author={{M{\"u}nch}, Guido},
  journal={Reviews of Modern Physics},
  volume={30},
  number={3},
  pages={1035},
  year={1958},
 publisher={APS},
 adsurl ={https://www.cambridge.org/core/journals/symposium-international-astronomical-union/article/internal-motions-in-the-orion-nebula/2026402476664BB26D87B19480CB10EC}
}

%N-----------------N-----------------N-----------------N-----------------N-----------------N-----------------N-----------------N-----------------N-----------------N-----------------N-----------------N-----------------N-----------------N
@MISC{1999ascl.soft11002N,
       author = {{National Optical Astronomy Observatories}},
        title = "{IRAF: Image Reduction and Analysis Facility}",
     keywords = {Software},
         year = "1999",
        month = "Nov",
          eid = {ascl:9911.002},
        pages = {ascl:9911.002},
archivePrefix = {ascl},
       eprint = {9911.002},
       adsurl = {https://ui.adsabs.harvard.edu/abs/1999ascl.soft11002N},
      adsnote = {Provided by the SAO/NASA Astrophysics Data System}
}

%O-----------------O-----------------O-----------------O-----------------O-----------------O-----------------O-----------------O-----------------O-----------------O-----------------O-----------------O-----------------O-----------------O

@article{od1987,
  title={{Evidence for turbulence in H II regions}},
 author={{O'Dell}, C.R.  and {Casta{\~{n}}eda}, H.O.},
  journal={ApJ},
  volume={317},
  pages={686--692},
  year={1987},
  adsurl ={http://adsabs.harvard.edu/full/1987ApJ...317..686O}
}

@article{od1988,
  title={{}},
  author={{O'Dell}, C.R. and {Townsley}, L.K.},
  journal={A\&A},
  volume={198},
  pages={283--286},
  year={1988}
}

@ARTICLE{1992ApJ...387..229O,
       author = {{O'dell}, C.~R. and {Wen}, Zheng},
        title = "{Motion at the Ionization Front in the Orion Nebula: A Kinematic Study of the [O i] Line}",
      journal = {\apj},
     keywords = {Emission Spectra, Gas Ionization, H Ii Regions, Molecular Clouds, Orion Nebula, Astronomical Spectroscopy, Molecular Excitation, Spectral Line Width, Statistical Analysis, Astrophysics, ISM: H II REGIONS, ISM: INDIVIDUAL ALPHANUMERIC: CRL 2136, ISM: KINEMATICS AND DYNAMICS, ISM: STRUCTURE},
         year = 1992,
        month = mar,
       volume = {387},
        pages = {229},
          doi = {10.1086/171074},
       adsurl = {https://ui.adsabs.harvard.edu/abs/1992ApJ...387..229O},
      adsnote = {Provided by the SAO/NASA Astrophysics Data System}
}

@Book{oster89,
author = { {Osterbrock},D.E. and {Ferland},G.J.},
title = {{Astrophysics of Gaseous Nebulae, Active Galactic Nuclei}},
publisher = {University Science Books},
year = {2006},
edition = {2}
}

%P----------------P----------------P----------------P----------------P----------------P----------------P----------------P----------------P----------------P----------------P----------------P----------------P----------------P----------------P


@MastersThesis{jen2013,
author = {P\'erez-Oreg\'on, J. },
title = {{Propiedades generals de algunas regiones HII}},
school = {IPN},
year = {2013}
}


%Q----------------Q----------------Q----------------Q----------------Q----------------Q----------------Q----------------Q----------------Q----------------Q----------------Q----------------Q----------------Q----------------Q----------------Q

%R-----------------R-----------------R-----------------R-----------------R-----------------R-----------------R-----------------R-----------------R-----------------R-----------------R-----------------R-----------------R-----------------R

@article{relano2010,
  title={{Spatially resolved study of the physical properties of the ionized gas in NGC 595}},
  author={{Relaño}, M. and {Monreal-Ibero}, A. and {Vílchez}, J.M. and {Kennicutt}, R.C.},
  journal={MNRAS},
  volume={402},
  number={3},
  pages={1635--1648},
  year={2010},
  publisher={Oxford University Press}
}

@article{relano2009star,
  title={Star Formation in Luminous H II Regions in M33},
  author={{Relaño}, M{\'o}nica and {Kennicutt Jr}, Robert C.},
  journal={AJ},
  volume={699},
  number={2},
  pages={1125},
  year={2009},
  publisher={IOP Publishing}
}

@article{rosa1982,
  title={{Wolf-Rayet stars in extragalactic H II regions. II-NGC604-A giant H II region dominated by many Wolf-Rayet stars}},
  author={{Rosa}, M. and {D'Odorico}, S.},
  journal={A\& A},
  volume={108},
  pages={339--343},
  year={1982},
  adsurl ={http://adsabs.harvard.edu/full/1982A\%26A...108..339R}
}

@article{rosa1984,
  title={{The internal kinematics of the giant extragalactic H II complex NGC 604}},
  author={{Rosa}, M. and {Solf}, J.},
  journal={A\&A},
  volume={130},
  pages={29--38},
  year={1984},
  adsurl ={http://adsabs.harvard.edu/full/1984A\%26A...130...29R}
}

@article{roy1992,
  title={{}},
  author={{Roy}, J.R. and {Aube}, M. and {McCal}l, M.L. and {Dufour}, R.J.},
  journal={AJ},
  volume={386},
  pages={498--505},
  year={1992}
}

@article{roy1986h,
  title={H-alpha velocity widths of giant extragalactic H II regions},
  author={{Roy}, J.R. and {Arsenault}, R. and {Joncas}, G.},
  journal={ApJ},
  volume={300},
  pages={624--638},
  year={1986},
  adsurl = {http://adsabs.harvard.edu/abs/1986ApJ...300..624R}
}

%S-----------------S-----------------S-----------------S-----------------S-----------------S-----------------S-----------------S-----------------S-----------------S-----------------S-----------------S-----------------S

@ARTICLE{sabalisck1995supersonic,
       author = {{Sabalisck}, Nanci S.~P. and {Tenorio-Tagle}, Guillermo and {Castaneda}, Hector O. and {Munoz-Tunon}, Casiana},
        title = "{On the Supersonic Turbulence of NGC 604}",
      journal = {\apj},
     keywords = {Astronomical Spectroscopy, H Alpha Line, H Ii Regions, Interstellar Matter, Supersonic Speed, Turbulence, Emission Spectra, Normal Density Functions, Radial Velocity, Stellar Winds, Velocity Distribution, Astronomy, GALAXIES: INDIVIDUAL MESSIER NUMBER: M33, ISM: H II REGIONS, ISM: INDIVIDUAL NGC NUMBER: NGC 604, ISM: KINEMATICS AND DYNAMICS, TURBULENCE},
         year = 1995,
        month = may,
       volume = {444},
        pages = {200},
          doi = {10.1086/175595},
       adsurl = {https://ui.adsabs.harvard.edu/abs/1995ApJ...444..200S},
      adsnote = {Provided by the SAO/NASA Astrophysics Data System}
      
}

@ARTICLE{1984ApJ...277..556S,
       author = {{Scalo}, J.~M.},
        title = "{Turbulent velocity structure in interstellar clouds}",
      journal = {\apj},
     keywords = {Interstellar Matter, Molecular Clouds, Optical Thickness, Spectral Line Width, Turbulent Flow, Velocity Distribution, Autocorrelation, Radial Velocity, Astrophysics},
         year = 1984,
        month = feb,
       volume = {277},
        pages = {556-561},
          doi = {10.1086/161726},
       adsurl = {https://ui.adsabs.harvard.edu/abs/1984ApJ...277..556S},
      adsnote = {Provided by the SAO/NASA Astrophysics Data System}
}

@ARTICLE{2020MNRAS.494...97S,
       author = {{Silich}, Sergiy and {Tenorio-Tagle}, Guillermo and {Mart{\'\i}nez-Gonz{\'a}lez}, Sergio and {Turner}, Jean},
        title = "{On the early evolution of massive star clusters: the case of cloud D1 and its embedded cluster in NGC 5253}",
      journal = {\mnras},
     keywords = {hydrodynamics, galaxies: star clusters: general, galaxies: star clusters: individual: NGC 5253, Astrophysics - Astrophysics of Galaxies},
         year = 2020,
        month = may,
       volume = {494},
       number = {1},
        pages = {97-107},
          doi = {10.1093/mnras/staa705},
archivePrefix = {arXiv},
       eprint = {2003.04379},
 primaryClass = {astro-ph.GA},
       adsurl = {https://ui.adsabs.harvard.edu/abs/2020MNRAS.494...97S},
      adsnote = {Provided by the SAO/NASA Astrophysics Data System}
}

@article{skillman1984kinematics,
       author = {{Skillman}, E.~D. and {Balick}, B.},
        title = "{The kinematics of giant extragalactic H II regions.}",
      journal = {\apj},
     keywords = {Galactic Structure, H Ii Regions, Kinematics, Nebulae, Astronomical Maps, Emission Spectra, Stellar Winds, Supernovae, Visible Spectrum, Astrophysics},
         year = 1984,
        month = may,
       volume = {280},
        pages = {580-591},
          doi = {10.1086/162029},
       adsurl = {https://ui.adsabs.harvard.edu/abs/1984ApJ...280..580S},
      adsnote = {Provided by the SAO/NASA Astrophysics Data System}
}

@article{smith1970,
  title={{Internal Motions in Galactic and Extragalactic H II Regions}},
  author={{Smith}, M.G. and {Weedman}, D.W.},
  year={1970},
  journal={ApJ},
  volume={161},
  pages={33},
  adsurl = {http://adsabs.harvard.edu/full/1970ApJ...161...33S}
}

%T-----------------T-----------------T-----------------T-----------------T-----------------T-----------------T-----------------T-----------------T-----------------T-----------------T-----------------T-----------------T-----------------T-----------------T


@article{tachihara2018triggering,
  title={{Triggering the formation of the supergiant H ii region NGC 604 in M 33}},
  author={Tachihara, Kengo and Gratier, Pierre and Sano, Hidetoshi and Tsuge, Kisetsu and Miura, Rie E and Muraoka, Kazuyuki and Fukui, Yasuo},
  journal={Publications of the Astronomical Society of Japan},
  volume={70},
  number={SP2},
  pages={S52},
  year={2018},
  publisher={Oxford University Press},
  adsurl = {https://academic.oup.com/pasj/article-abstract/70/SP2/S52/4994350}
}

@inproceedings{taylor1935i,
  title={{Statistical theory of turbulence}},
  author={Taylor, Geoffrey Ingram},
  booktitle={Proceedings of the Royal Society of London A: Mathematical, Physical and Engineering Sciences},
  volume={151},
  number={873},
  pages={421--444},
  year={1935},
  organization={The Royal Society},
  adsurl = {https://www.jstor.org/stable/96557}
}

@inproceedings{taylor1935ii,
  title={{Statistical theory of turbulence_II}},
  author={Taylor, Geoffrey Ingram},
  booktitle={Proceedings of the Royal Society of London A: Mathematical, Physical and Engineering Sciences},
  volume={151},
  number={873},
  pages={444--454},
  year={1935},
  organization={The Royal Society},
  adsurl = {https://www.jstor.org/stable/96557}
}

@inproceedings{taylor1938,
  title={{The spectrum of turbulence}},
  author={Taylor, Geoffrey Ingram},
  booktitle={Proceedings of the Royal Society of London A: Mathematical, Physical and Engineering Sciences},
  volume={164},
  number={919},
  pages={476--490},
  year={1938},
  organization={The Royal Society}
}

@article{Toala2011,
  author={{Toal\'a}, J.A. and {Arthur}, S.J.},
  title={{Radiation-hydrodynamic Models of the Evolving Circumstellar Medium around Massive Stars}},
  journal={\apj},
  volume={737},
  number={2},
  pages={100},
  url={http://stacks.iop.org/0004-637X/737/i=2/a=100},
  year={2011}
}
	

@ARTICLE{TT1979,
   author = {{Tenorio-Tagle}, G.},
    title = {{The gas dynamics of H II regions. I - The champagne model}},
  journal = {\apj},
 keywords = {Astronomical Models, Gas Dynamics, H Alpha Line, H Ii Regions, Stellar Evolution, Gas Ionization, Hydrogen Ions, Line Shape, Velocity Distribution},
     year = {1979},
   volume = 71,
    pages = {59-65},
  adsnote = {Provided by the SAO/NASA Astrophysics Data System},
  adsurl = {http://adsabs.harvard.edu/abs/1979A\%26A....71...59T},
}

@ARTICLE{1993ApJ...418..767T,
       author = {{Tenorio-Tagle}, Guillermo and {Munoz-Tunon}, Casiana and {Cox}, Donald P.},
        title = "{On the Formation of Spheroidal Stellar Systems and the Nature of Supersonic Turbulence in Star-forming Regions}",
      journal = {\apj},
     keywords = {ISM: H II REGIONS, STARS: FORMATION, TURBULENCE},
         year = 1993,
        month = dec,
       volume = {418},
        pages = {767},
          doi = {10.1086/173434},
       adsurl = {https://ui.adsabs.harvard.edu/abs/1993ApJ...418..767T},
      adsnote = {Provided by the SAO/NASA Astrophysics Data System}
}



@Article{TT2000,
  author={{Tenorio-Tagle}, G. and {Mu{\~{n}}oz-Tu{\~{n}}\'on}, C. and {P\'erez}, E. and {Ma\'iz-Apell\'aniz}, J.  and  {Medina-Tanco}, G.},
  title={{On the ongoing multiple Blowout in NGC 604.}},
  journal={\aj},
  volume={541},
  number={2},
  pages={720},
  year={2000},
  adsurl={http://stacks.iop.org/0004-637X/541/i=2/a=720}
}

@article{terlevich1981,
  title={{The dynamics and chemical composition of giant extragalactic H II regions}},
  author={{Terlevich}, R. and {Melnick}, J.},
  journal={MNRAS},
  volume={195},
  number={4},
  pages={839--851},
  year={1981},
  publisher={Oxford University Press},
  adsurl={https://academic.oup.com/mnras/article/195/4/839/1746332}
}

@article{tullmann2008,
  title={{Chandra ACIS Survey of M33 (ChASeM33): A first look}},
  author={{T{\"u}llmann}, R. and {Gaetz}, T.J. and {Plucinsky}, P.P. and {Long}, K.S. and {Hughes}, J.P. and {Blair}, W.P. and {Winkler}, P.F. and {Pannuti}, T.G. and {Breitschwerdt}, D.and {Ghavamian}, P.},
  journal={AJ},
  volume={685},
  number={2},
  pages={919},
  year={2008},
  publisher={IOP Publishing},
  adsurl={https://iopscience.iop.org/article/10.1088/0067-0049/193/2/31/meta}
 
}

%U------------U------------U------------U------------U------------U------------U------------U------------U------------U------------U------------U------------U------------U------------U------------U------------U

@ARTICLE{2019ApJ...871...17U,
       author = {{Utomo}, Dyas and {Blitz}, Leo and {Falgarone}, Edith},
        title = "{The Origin of Interstellar Turbulence in M33}",
      journal = {\apj},
     keywords = {galaxies: individual: M33, ISM: kinematics and dynamics, ISM: structure, Astrophysics - Astrophysics of Galaxies},
         year = 2019,
        month = jan,
       volume = {871},
       number = {1},
          eid = {17},
        pages = {17},
          doi = {10.3847/1538-4357/aaf582},
archivePrefix = {arXiv},
       eprint = {1812.00019},
 primaryClass = {astro-ph.GA},
       adsurl = {https://ui.adsabs.harvard.edu/abs/2019ApJ...871...17U},
      adsnote = {Provided by the SAO/NASA Astrophysics Data System}
}

%V------------V------------V------------V------------V------------V------------V------------V------------V------------V------------V------------V------------V------------V------------V------------V


@article{viallefond1983h,
  title={{HII regions in M33. I-Radio and H-alpha observations of the HII complex NGC595}},
  author={{Viallefond}, F. and {Donas}, J. and {Goss}, W.M.},
  journal={Astronomy and Astrophysics},
  volume={119},
  pages={185--191},
  year={1983}
}


@article{von1951methode,
  title={Eine Methode zur Untersuchung der Turbulenz der interstellaren Materie. Mit 10 Textabbildungen},
  author={Von Hoerner, Sebastian},
  journal={Zeitschrift fur Astrophysik},
  volume={30},
  pages={17},
  year={1951}
}

@article{von1951evolution,
  title={The Evolution of Galaxies and Stars.},
  author={Von Weizs{\"a}cker, CF},
  journal={The Astrophysical Journal},
  volume={114},
  pages={165},
  year={1951}
}



%W-------------W-------------W-------------W-------------W-------------W-------------W-------------W-------------W-------------W-------------W-------------W-------------W-------------W-------------W-------------W-------------W

@article{walterbos1999turbulence,
  title={Turbulence in the Ionized Gas in Spiral Galaxies},
  author={Walterbos, Rene AM},
  journal={Interstellar turbulence},
  pages={20},
  year={1999},
  publisher={Cambridge University Press}
}

@article{walder2000stability,
  title={On the Stability of Colliding Flows: Radiative Shocks, ThinShells, and Supersonic Turbulence},
  author={Walder, Rolf and Folini, Doris},
  journal={Astrophysics and Space Science},
  volume={274},
  number={1-2},
  pages={343--352},
  year={2000},
  publisher={Springer},
  adsurl={https://link.springer.com/article/10.1023/A:1026597318472}
  
}

@ARTICLE{1977ApJ...218..377W,
   author = {{Weaver}, R. and {McCray}, R. and {Castor}, J. and {Shapiro}, P. and 
	{Moore}, R.},
    title = {{Interstellar bubbles. II - Structure and evolution}},
  journal = {AJ},
     year = 1977,
   volume = 218,
    pages = {377-395},
      doi = {10.1086/155692},
  adsnote = {Provided by the SAO/NASA Astrophysics Data System},
  adsurl = {http://adsabs.harvard.edu/abs/1977ApJ...218..377W}
  }


  @article{wilson1992,
  title={{The molecular interstellar medium in two giant H II regions in M33-NGC 604 and NGC 595}},
  author={{Wilson}, C.D. and {Scoville}, N.},
  journal={AJ},
  volume={385},
  pages={512--521},
  year={1992}
}

%X------------X------------X------------X------------X------------X------------X------------X------------X------------X------------X------------X------------X------------X------------X------------X------------X

%Y-------------Y-------------Y-------------Y-------------Y-------------Y-------------Y-------------Y-------------Y-------------Y-------------Y-------------Y-------------Y-------------Y-------------Y-------------Y-------------Y

@article{yang1996,
  title={{The violent interstellar medium of NGC 604}},
  author={{Yang}, H. and {Chu}, Y.H. and {Skillman}, E.D. and {Terlevich}, R.},
  journal={AJ},
  volume={112},
  pages={146},
  year={1996},
  adsurl = {http://adsabs.harvard.edu/full/1996AJ....112..146Y}
}

%Z-------------Z-------------Z-------------Z-------------Z-------------Z-------------Z-------------Z-------------Z-------------Z-------------Z-------------Z-------------Z-------------Z-------------Z-------------Z-------------Z-------------Z-------------Z